@Manual{R-acepack,
  title = {acepack: ACE and AVAS for Selecting Multiple Regression Transformations},
  author = {Phil Spector and Jerome Friedman and Robert Tibshirani and Thomas Lumley and Shawn Garbett and Jonathan Baron},
  year = {2016},
  note = {R package version 1.4.1},
  url = {https://CRAN.R-project.org/package=acepack},
}
@Manual{R-affy,
  title = {affy: Methods for Affymetrix Oligonucleotide Arrays},
  author = {Rafael A. Irizarry and Laurent Gautier and Benjamin Milo Bolstad and Crispin Miller with contributions from Magnus Astrand <Magnus.Astrand@astrazeneca.com> and Leslie M. Cope and Robert Gentleman and Jeff Gentry and Conrad Halling and Wolfgang Huber and James MacDonald and Benjamin I. P. Rubinstein and Christopher Workman and John Zhang},
  year = {2017},
  note = {R package version 1.56.0},
}
@Manual{R-affyio,
  title = {affyio: Tools for parsing Affymetrix data files},
  author = {Ben Bolstad},
  year = {2017},
  note = {R package version 1.48.0},
  url = {https://github.com/bmbolstad/affyio},
}
@Manual{R-airway,
  title = {airway: RangedSummarizedExperiment for RNA-Seq in airway smooth muscle
cells, by Himes et al PLoS One 2014},
  author = {Michael Love},
  year = {2017},
  note = {R package version 0.112.0},
}
@Manual{R-annotate,
  title = {annotate: Annotation for microarrays},
  author = {R. Gentleman},
  year = {2018},
  note = {R package version 1.56.2},
}
@Manual{R-AnnotationDbi,
  title = {AnnotationDbi: Annotation Database Interface},
  author = {Hervé Pagès and Marc Carlson and Seth Falcon and Nianhua Li},
  year = {2017},
  note = {R package version 1.40.0},
}
@Manual{R-assertthat,
  title = {assertthat: Easy Pre and Post Assertions},
  author = {Hadley Wickham},
  year = {2017},
  note = {R package version 0.2.0},
  url = {https://CRAN.R-project.org/package=assertthat},
}
@Manual{R-backports,
  title = {backports: Reimplementations of Functions Introduced Since R-3.0.0},
  author = {Michel Lang},
  year = {2017},
  note = {R package version 1.1.2},
  url = {https://CRAN.R-project.org/package=backports},
}
@Manual{R-base64enc,
  title = {base64enc: Tools for base64 encoding},
  author = {Simon Urbanek},
  year = {2015},
  note = {R package version 0.1-3},
  url = {https://CRAN.R-project.org/package=base64enc},
}
@Manual{R-BH,
  title = {BH: Boost C++ Header Files},
  author = {Dirk Eddelbuettel and John W. Emerson and Michael J. Kane},
  year = {2018},
  note = {R package version 1.66.0-1},
  url = {https://CRAN.R-project.org/package=BH},
}
@Manual{R-bindr,
  title = {bindr: Parametrized Active Bindings},
  author = {Kirill Müller},
  year = {2018},
  note = {R package version 0.1.1},
  url = {https://CRAN.R-project.org/package=bindr},
}
@Manual{R-bindrcpp,
  title = {bindrcpp: An 'Rcpp' Interface to Active Bindings},
  author = {Kirill Müller},
  year = {2017},
  note = {R package version 0.2},
  url = {https://CRAN.R-project.org/package=bindrcpp},
}
@Manual{R-Biobase,
  title = {Biobase: Base functions for Bioconductor},
  author = {R. Gentleman and V. Carey and M. Morgan and S. Falcon},
  year = {2017},
  note = {R package version 2.38.0},
}
@Manual{R-BiocGenerics,
  title = {BiocGenerics: S4 generic functions for Bioconductor},
  author = {The Bioconductor Dev Team},
  year = {2017},
  note = {R package version 0.24.0},
}
@Manual{R-BiocInstaller,
  title = {BiocInstaller: Install/Update Bioconductor, CRAN, and github Packages},
  author = {Dan Tenenbaum and Biocore Team},
  year = {2017},
  note = {R package version 1.28.0},
}
@Manual{R-BiocParallel,
  title = {BiocParallel: Bioconductor facilities for parallel evaluation},
  author = {Martin Morgan and Valerie Obenchain and Michel Lang and Ryan Thompson},
  year = {2017},
  note = {R package version 1.12.0},
  url = {https://github.com/Bioconductor/BiocParallel},
}
@Manual{R-biomaRt,
  title = {biomaRt: Interface to BioMart databases (e.g. Ensembl, COSMIC, Wormbase
and Gramene)},
  author = {Steffen Durinck and Wolfgang Huber},
  year = {2018},
  note = {R package version 2.34.2},
}
@Manual{R-Biostrings,
  title = {Biostrings: Efficient manipulation of biological strings},
  author = {H. Pagès and P. Aboyoun and R. Gentleman and S. DebRoy},
  year = {2017},
  note = {R package version 2.46.0},
}
@Manual{R-bit,
  title = {bit: A class for vectors of 1-bit booleans},
  author = {Jens Oehlschlägel},
  year = {2014},
  note = {R package version 1.1-12},
  url = {https://CRAN.R-project.org/package=bit},
}
@Manual{R-bit64,
  title = {bit64: A S3 Class for Vectors of 64bit Integers},
  author = {Jens Oehlschlägel},
  year = {2017},
  note = {R package version 0.9-7},
  url = {https://CRAN.R-project.org/package=bit64},
}
@Manual{R-bitops,
  title = {bitops: Bitwise Operations},
  author = {Steve Dutky and Martin Maechler},
  year = {2013},
  note = {R package version 1.0-6},
  url = {https://CRAN.R-project.org/package=bitops},
}
@Manual{R-blob,
  title = {blob: A Simple S3 Class for Representing Vectors of Binary Data
('BLOBS')},
  author = {Hadley Wickham},
  year = {2018},
  note = {R package version 1.1.1},
  url = {https://CRAN.R-project.org/package=blob},
}
@Manual{R-bookdown,
  title = {bookdown: Authoring Books and Technical Documents with R Markdown},
  author = {Yihui Xie},
  year = {2018},
  note = {R package version 0.7},
  url = {https://CRAN.R-project.org/package=bookdown},
}
@Manual{R-calibrate,
  title = {calibrate: Calibration of Scatterplot and Biplot Axes},
  author = {Jan Graffelman},
  year = {2013},
  note = {R package version 1.7.2},
  url = {https://CRAN.R-project.org/package=calibrate},
}
@Manual{R-caTools,
  title = {caTools: Tools: moving window statistics, GIF, Base64, ROC AUC, etc.},
  author = {Jarek Tuszynski},
  year = {2014},
  note = {R package version 1.17.1},
  url = {https://CRAN.R-project.org/package=caTools},
}
@Manual{R-checkmate,
  title = {checkmate: Fast and Versatile Argument Checks},
  author = {Michel Lang},
  year = {2017},
  note = {R package version 1.8.5},
  url = {https://CRAN.R-project.org/package=checkmate},
}
@Manual{R-cli,
  title = {cli: Helpers for Developing Command Line Interfaces},
  author = {Gábor Csárdi},
  year = {2017},
  note = {R package version 1.0.0},
  url = {https://CRAN.R-project.org/package=cli},
}
@Manual{R-colorspace,
  title = {colorspace: Color Space Manipulation},
  author = {Ross Ihaka and Paul Murrell and Kurt Hornik and Jason C. Fisher and Reto Stauffer and Achim Zeileis},
  year = {2016},
  note = {R package version 1.3-2},
  url = {https://CRAN.R-project.org/package=colorspace},
}
@Manual{R-compare,
  title = {compare: Comparing Objects for Differences},
  author = {Paul Murrell},
  year = {2015},
  note = {R package version 0.2-6},
  url = {https://CRAN.R-project.org/package=compare},
}
@Manual{R-cowplot,
  title = {cowplot: Streamlined Plot Theme and Plot Annotations for 'ggplot2'},
  author = {Claus O. Wilke},
  year = {2017},
  note = {R package version 0.9.2},
  url = {https://CRAN.R-project.org/package=cowplot},
}
@Manual{R-crayon,
  title = {crayon: Colored Terminal Output},
  author = {Gábor Csárdi},
  year = {2017},
  note = {R package version 1.3.4},
  url = {https://CRAN.R-project.org/package=crayon},
}
@Manual{R-curl,
  title = {curl: A Modern and Flexible Web Client for R},
  author = {Jeroen Ooms},
  year = {2018},
  note = {R package version 3.2},
  url = {https://CRAN.R-project.org/package=curl},
}
@Manual{R-data.table,
  title = {data.table: Extension of `data.frame`},
  author = {Matt Dowle and Arun Srinivasan},
  year = {2017},
  note = {R package version 1.10.4-3},
  url = {https://CRAN.R-project.org/package=data.table},
}
@Manual{R-DBI,
  title = {DBI: R Database Interface},
  author = {{R Special Interest Group on Databases (R-SIG-DB)} and Hadley Wickham and Kirill Müller},
  year = {2018},
  note = {R package version 0.8},
  url = {https://CRAN.R-project.org/package=DBI},
}
@Manual{R-DelayedArray,
  title = {DelayedArray: Delayed operations on array-like objects},
  author = {Hervé Pagès},
  year = {2017},
  note = {R package version 0.4.1},
}
@Manual{R-DESeq2,
  title = {DESeq2: Differential gene expression analysis based on the negative
binomial distribution},
  author = {Michael Love and Simon Anders and Wolfgang Huber},
  year = {2017},
  note = {R package version 1.18.1},
  url = {https://github.com/mikelove/DESeq2},
}
@Manual{R-devtools,
  title = {devtools: Tools to Make Developing R Packages Easier},
  author = {Hadley Wickham and Jim Hester and Winston Chang},
  year = {2018},
  note = {R package version 1.13.5},
  url = {https://CRAN.R-project.org/package=devtools},
}
@Manual{R-dichromat,
  title = {dichromat: Color Schemes for Dichromats},
  author = {Thomas Lumley},
  year = {2013},
  note = {R package version 2.0-0},
  url = {https://CRAN.R-project.org/package=dichromat},
}
@Manual{R-digest,
  title = {digest: Create Compact Hash Digests of R Objects},
  author = {Dirk Eddelbuettel},
  year = {2018},
  note = {R package version 0.6.15},
  url = {https://CRAN.R-project.org/package=digest},
}
@Manual{R-dplyr,
  title = {dplyr: A Grammar of Data Manipulation},
  author = {Hadley Wickham and Romain Francois and Lionel Henry and Kirill Müller},
  year = {2017},
  note = {R package version 0.7.4},
  url = {https://CRAN.R-project.org/package=dplyr},
}
@Manual{R-edgeR,
  title = {edgeR: Empirical Analysis of Digital Gene Expression Data in R},
  author = {Yunshun Chen and Aaron Lun and Davis McCarthy and Xiaobei Zhou and Mark Robinson and Gordon Smyth},
  year = {2018},
  note = {R package version 3.20.9},
  url = {http://bioinf.wehi.edu.au/edgeR},
}
@Manual{R-evaluate,
  title = {evaluate: Parsing and Evaluation Tools that Provide More Details than the
Default},
  author = {Hadley Wickham},
  year = {2017},
  note = {R package version 0.10.1},
  url = {https://CRAN.R-project.org/package=evaluate},
}
@Manual{R-Formula,
  title = {Formula: Extended Model Formulas},
  author = {Achim Zeileis and Yves Croissant},
  year = {2017},
  note = {R package version 1.2-2},
  url = {https://CRAN.R-project.org/package=Formula},
}
@Manual{R-futile.logger,
  title = {futile.logger: A Logging Utility for R},
  author = {Brian Lee Yung Rowe},
  year = {2016},
  note = {R package version 1.4.3},
  url = {https://CRAN.R-project.org/package=futile.logger},
}
@Manual{R-futile.options,
  title = {futile.options: Futile options management},
  author = {Brian Lee Yung Rowe},
  year = {2010},
  note = {R package version 1.0.0},
  url = {https://CRAN.R-project.org/package=futile.options},
}
@Manual{R-gdata,
  title = {gdata: Various R Programming Tools for Data Manipulation},
  author = {Gregory R. Warnes and Ben Bolker and Gregor Gorjanc and Gabor Grothendieck and Ales Korosec and Thomas Lumley and Don MacQueen and Arni Magnusson and Jim Rogers and {others}},
  year = {2017},
  note = {R package version 2.18.0},
  url = {https://CRAN.R-project.org/package=gdata},
}
@Manual{R-genefilter,
  title = {genefilter: methods for filtering genes from high-throughput
experiments},
  author = {R. Gentleman and V. Carey and W. Huber and F. Hahne},
  year = {2017},
  note = {R package version 1.60.0},
}
@Manual{R-geneplotter,
  title = {geneplotter: Graphics related functions for Bioconductor},
  author = {R. Gentleman and {Biocore}},
  year = {2017},
  note = {R package version 1.56.0},
}
@Manual{R-GenomeInfoDb,
  title = {GenomeInfoDb: Utilities for manipulating chromosome and other 'seqname'
identifiers},
  author = {Sonali Arora and Martin Morgan and Marc Carlson and H. Pagès},
  year = {2017},
  note = {R package version 1.14.0},
}
@Manual{R-GenomeInfoDbData,
  title = {GenomeInfoDbData: Species and taxonomy ID look up tables used by GenomeInfoDb},
  author = {Bioconductor Core Team},
  year = {2017},
  note = {R package version 1.0.0},
}
@Manual{R-GenomicRanges,
  title = {GenomicRanges: Representation and manipulation of genomic intervals and
variables defined along a genome},
  author = {P. Aboyoun and H. Pagès and M. Lawrence},
  year = {2018},
  note = {R package version 1.30.3},
}
@Manual{R-GEOmetadb,
  title = {GEOmetadb: A compilation of metadata from NCBI GEO},
  author = {Jack Zhu and Sean Davis},
  year = {2017},
  note = {R package version 1.40.0},
  url = {http://gbnci.abcc.ncifcrf.gov/geo/},
}
@Manual{R-GEOquery,
  title = {GEOquery: Get data from NCBI Gene Expression Omnibus (GEO)},
  author = {Sean Davis},
  year = {2018},
  note = {R package version 2.46.15},
  url = {https://github.com/seandavi/GEOquery},
}
@Manual{R-ggplot2,
  title = {ggplot2: Create Elegant Data Visualisations Using the Grammar of Graphics},
  author = {Hadley Wickham and Winston Chang},
  year = {2016},
  note = {R package version 2.2.1},
  url = {https://CRAN.R-project.org/package=ggplot2},
}
@Manual{R-ggpubr,
  title = {ggpubr: 'ggplot2' Based Publication Ready Plots},
  author = {Alboukadel Kassambara},
  year = {2017},
  note = {R package version 0.1.6},
  url = {https://CRAN.R-project.org/package=ggpubr},
}
@Manual{R-ggrepel,
  title = {ggrepel: Repulsive Text and Label Geoms for 'ggplot2'},
  author = {Kamil Slowikowski},
  year = {2017},
  note = {R package version 0.7.0},
  url = {https://CRAN.R-project.org/package=ggrepel},
}
@Manual{R-ggsci,
  title = {ggsci: Scientific Journal and Sci-Fi Themed Color Palettes for
'ggplot2'},
  author = {Nan Xiao},
  year = {2017},
  note = {R package version 2.8},
  url = {https://CRAN.R-project.org/package=ggsci},
}
@Manual{R-ggsignif,
  title = {ggsignif: Significance Brackets for 'ggplot2'},
  author = {Constantin Ahlmann-Eltze},
  year = {2017},
  note = {R package version 0.4.0},
  url = {https://CRAN.R-project.org/package=ggsignif},
}
@Manual{R-git2r,
  title = {git2r: Provides Access to Git Repositories},
  author = {See AUTHORS file.},
  year = {2018},
  note = {R package version 0.21.0},
  url = {https://CRAN.R-project.org/package=git2r},
}
@Manual{R-glue,
  title = {glue: Interpreted String Literals},
  author = {Jim Hester},
  year = {2017},
  note = {R package version 1.2.0},
  url = {https://CRAN.R-project.org/package=glue},
}
@Manual{R-gplots,
  title = {gplots: Various R Programming Tools for Plotting Data},
  author = {Gregory R. Warnes and Ben Bolker and Lodewijk Bonebakker and Robert Gentleman and Wolfgang Huber Andy Liaw and Thomas Lumley and Martin Maechler and Arni Magnusson and Steffen Moeller and Marc Schwartz and Bill Venables},
  year = {2016},
  note = {R package version 3.0.1},
  url = {https://CRAN.R-project.org/package=gplots},
}
@Manual{R-graph,
  title = {graph: A package to handle graph data structures},
  author = {R. Gentleman and Elizabeth Whalen and W. Huber and S. Falcon},
  year = {2017},
  note = {R package version 1.56.0},
}
@Manual{R-gridExtra,
  title = {gridExtra: Miscellaneous Functions for "Grid" Graphics},
  author = {Baptiste Auguie},
  year = {2017},
  note = {R package version 2.3},
  url = {https://CRAN.R-project.org/package=gridExtra},
}
@Manual{R-gtable,
  title = {gtable: Arrange 'Grobs' in Tables},
  author = {Hadley Wickham},
  year = {2016},
  note = {R package version 0.2.0},
  url = {https://CRAN.R-project.org/package=gtable},
}
@Manual{R-gtools,
  title = {gtools: Various R Programming Tools},
  author = {Gregory R. Warnes and Ben Bolker and Thomas Lumley},
  year = {2015},
  note = {R package version 3.5.0},
  url = {https://CRAN.R-project.org/package=gtools},
}
@Manual{R-highr,
  title = {highr: Syntax Highlighting for R Source Code},
  author = {Yixuan Qiu and Yihui Xie},
  year = {2016},
  note = {R package version 0.6},
  url = {https://CRAN.R-project.org/package=highr},
}
@Manual{R-Hmisc,
  title = {Hmisc: Harrell Miscellaneous},
  author = {Harrell, Jr., Frank E},
  year = {2018},
  note = {R package version 4.1-1},
  url = {https://CRAN.R-project.org/package=Hmisc},
}
@Manual{R-hms,
  title = {hms: Pretty Time of Day},
  author = {Kirill Müller},
  year = {2018},
  note = {R package version 0.4.2},
  url = {https://CRAN.R-project.org/package=hms},
}
@Manual{R-htmlTable,
  title = {htmlTable: Advanced Tables for Markdown/HTML},
  author = {Max Gordon and Stephen Gragg and Peter Konings},
  year = {2018},
  note = {R package version 1.11.2},
  url = {https://CRAN.R-project.org/package=htmlTable},
}
@Manual{R-htmltools,
  title = {htmltools: Tools for HTML},
  author = {{RStudio} and {Inc.}},
  year = {2017},
  note = {R package version 0.3.6},
  url = {https://CRAN.R-project.org/package=htmltools},
}
@Manual{R-htmlwidgets,
  title = {htmlwidgets: HTML Widgets for R},
  author = {Ramnath Vaidyanathan and Yihui Xie and JJ Allaire and Joe Cheng and Kenton Russell},
  year = {2018},
  note = {R package version 1.0},
  url = {https://CRAN.R-project.org/package=htmlwidgets},
}
@Manual{R-httr,
  title = {httr: Tools for Working with URLs and HTTP},
  author = {Hadley Wickham},
  year = {2017},
  note = {R package version 1.3.1},
  url = {https://CRAN.R-project.org/package=httr},
}
@Manual{R-IRanges,
  title = {IRanges: Infrastructure for manipulating intervals on sequences},
  author = {H. Pagès and P. Aboyoun and M. Lawrence},
  year = {2017},
  note = {R package version 2.12.0},
}
@Manual{R-jsonlite,
  title = {jsonlite: A Robust, High Performance JSON Parser and Generator for R},
  author = {Jeroen Ooms and Duncan {Temple Lang} and Lloyd Hilaiel},
  year = {2017},
  note = {R package version 1.5},
  url = {https://CRAN.R-project.org/package=jsonlite},
}
@Manual{R-KEGGgraph,
  title = {KEGGgraph: A graph approach to KEGG PATHWAY in R and
Bioconductor},
  author = {Jitao David Zhang and with inputs from Paul Shannon},
  year = {2017},
  note = {R package version 1.38.0},
  url = {http://www.nextbiomotif.com},
}
@Manual{R-KEGGREST,
  title = {KEGGREST: Client-side REST access to KEGG},
  author = {Dan Tenenbaum},
  year = {2018},
  note = {R package version 1.18.1},
}
@Manual{R-knitr,
  title = {knitr: A General-Purpose Package for Dynamic Report Generation in R},
  author = {Yihui Xie},
  year = {2018},
  note = {R package version 1.20},
  url = {https://CRAN.R-project.org/package=knitr},
}
@Manual{R-labeling,
  title = {labeling: Axis Labeling},
  author = {Justin Talbot},
  year = {2014},
  note = {R package version 0.3},
  url = {https://CRAN.R-project.org/package=labeling},
}
@Manual{R-lambda.r,
  title = {lambda.r: Modeling Data with Functional Programming},
  author = {Brian Lee Yung Rowe},
  year = {2017},
  note = {R package version 1.2},
  url = {https://CRAN.R-project.org/package=lambda.r},
}
@Manual{R-latticeExtra,
  title = {latticeExtra: Extra Graphical Utilities Based on Lattice},
  author = {Deepayan Sarkar and Felix Andrews},
  year = {2016},
  note = {R package version 0.6-28},
  url = {https://CRAN.R-project.org/package=latticeExtra},
}
@Manual{R-lazyeval,
  title = {lazyeval: Lazy (Non-Standard) Evaluation},
  author = {Hadley Wickham},
  year = {2017},
  note = {R package version 0.2.1},
  url = {https://CRAN.R-project.org/package=lazyeval},
}
@Manual{R-limma,
  title = {limma: Linear Models for Microarray Data},
  author = {Gordon Smyth and Yifang Hu and Matthew Ritchie and Jeremy Silver and James Wettenhall and Davis McCarthy and Di Wu and Wei Shi and Belinda Phipson and Aaron Lun and Natalie Thorne and Alicia Oshlack and Carolyn {de Graaf} and Yunshun Chen and Mette Langaas and Egil Ferkingstad and Marcus Davy and Francois Pepin and Dongseok Choi},
  year = {2018},
  note = {R package version 3.34.9},
  url = {http://bioinf.wehi.edu.au/limma},
}
@Manual{R-locfit,
  title = {locfit: Local Regression, Likelihood and Density Estimation.},
  author = {Catherine Loader},
  year = {2013},
  note = {R package version 1.5-9.1},
  url = {https://CRAN.R-project.org/package=locfit},
}
@Manual{R-magrittr,
  title = {magrittr: A Forward-Pipe Operator for R},
  author = {Stefan Milton Bache and Hadley Wickham},
  year = {2014},
  note = {R package version 1.5},
  url = {https://CRAN.R-project.org/package=magrittr},
}
@Manual{R-markdown,
  title = {markdown: 'Markdown' Rendering for R},
  author = {JJ Allaire and Jeffrey Horner and Vicent Marti and Natacha Porte},
  year = {2017},
  note = {R package version 0.8},
  url = {https://CRAN.R-project.org/package=markdown},
}
@Manual{R-matrixStats,
  title = {matrixStats: Functions that Apply to Rows and Columns of Matrices (and to
Vectors)},
  author = {Henrik Bengtsson},
  year = {2018},
  note = {R package version 0.53.1},
  url = {https://CRAN.R-project.org/package=matrixStats},
}
@Manual{R-memoise,
  title = {memoise: Memoisation of Functions},
  author = {Hadley Wickham and Jim Hester and Kirill Müller and Daniel Cook},
  year = {2017},
  note = {R package version 1.1.0},
  url = {https://CRAN.R-project.org/package=memoise},
}
@Manual{R-mime,
  title = {mime: Map Filenames to MIME Types},
  author = {Yihui Xie},
  year = {2016},
  note = {R package version 0.5},
  url = {https://CRAN.R-project.org/package=mime},
}
@Manual{R-munsell,
  title = {munsell: Utilities for Using Munsell Colours},
  author = {Charlotte Wickham},
  year = {2016},
  note = {R package version 0.4.3},
  url = {https://CRAN.R-project.org/package=munsell},
}
@Manual{R-openssl,
  title = {openssl: Toolkit for Encryption, Signatures and Certificates Based on
OpenSSL},
  author = {Jeroen Ooms},
  year = {2018},
  note = {R package version 1.0.1},
  url = {https://CRAN.R-project.org/package=openssl},
}
@Manual{R-org.Hs.eg.db,
  title = {org.Hs.eg.db: Genome wide annotation for Human},
  author = {Marc Carlson},
  year = {2017},
  note = {R package version 3.5.0},
}
@Manual{R-org.Mm.eg.db,
  title = {org.Mm.eg.db: Genome wide annotation for Mouse},
  author = {Marc Carlson},
  year = {2017},
  note = {R package version 3.5.0},
}
@Manual{R-packrat,
  title = {packrat: A Dependency Management System for Projects and their R Package
Dependencies},
  author = {Kevin Ushey and Jonathan McPherson and Joe Cheng and Aron Atkins and JJ Allaire},
  year = {2018},
  note = {R package version 0.4.9-1},
  url = {https://CRAN.R-project.org/package=packrat},
}
@Manual{R-pander,
  title = {pander: An R 'Pandoc' Writer},
  author = {Gergely Daróczi and Roman Tsegelskyi},
  year = {2017},
  note = {R package version 0.6.1},
  url = {https://CRAN.R-project.org/package=pander},
}
@Manual{R-pathview,
  title = {pathview: a tool set for pathway based data integration and visualization},
  author = {Weijun Luo},
  year = {2018},
  note = {R package version 1.18.2},
  url = {https://pathview.uncc.edu/},
}
@Manual{R-pheatmap,
  title = {pheatmap: Pretty Heatmaps},
  author = {Raivo Kolde},
  year = {2015},
  note = {R package version 1.0.8},
  url = {https://CRAN.R-project.org/package=pheatmap},
}
@Manual{R-pillar,
  title = {pillar: Coloured Formatting for Columns},
  author = {Kirill Müller and Hadley Wickham},
  year = {2018},
  note = {R package version 1.2.1},
  url = {https://CRAN.R-project.org/package=pillar},
}
@Manual{R-pkgconfig,
  title = {pkgconfig: Private Configuration for 'R' Packages},
  author = {Gábor Csárdi},
  year = {2017},
  note = {R package version 2.0.1},
  url = {https://CRAN.R-project.org/package=pkgconfig},
}
@Manual{R-PKI,
  title = {PKI: Public Key Infrastucture for R Based on the X.509 Standard},
  author = {Simon Urbanek},
  year = {2017},
  note = {R package version 0.1-5.1},
  url = {https://CRAN.R-project.org/package=PKI},
}
@Manual{R-plogr,
  title = {plogr: The 'plog' C++ Logging Library},
  author = {Kirill Müller},
  year = {2018},
  note = {R package version 0.2.0},
  url = {https://CRAN.R-project.org/package=plogr},
}
@Manual{R-plyr,
  title = {plyr: Tools for Splitting, Applying and Combining Data},
  author = {Hadley Wickham},
  year = {2016},
  note = {R package version 1.8.4},
  url = {https://CRAN.R-project.org/package=plyr},
}
@Manual{R-png,
  title = {png: Read and write PNG images},
  author = {Simon Urbanek},
  year = {2013},
  note = {R package version 0.1-7},
  url = {https://CRAN.R-project.org/package=png},
}
@Manual{R-PoiClaClu,
  title = {PoiClaClu: Classification and clustering of sequencing data based on a
Poisson model},
  author = {Daniela Witten},
  year = {2013},
  note = {R package version 1.0.2},
  url = {https://CRAN.R-project.org/package=PoiClaClu},
}
@Manual{R-preprocessCore,
  title = {preprocessCore: A collection of pre-processing functions},
  author = {Ben Bolstad},
  year = {2017},
  note = {R package version 1.40.0},
  url = {https://github.com/bmbolstad/preprocessCore},
}
@Manual{R-prettyunits,
  title = {prettyunits: Pretty, Human Readable Formatting of Quantities},
  author = {Gabor Csardi},
  year = {2015},
  note = {R package version 1.0.2},
  url = {https://CRAN.R-project.org/package=prettyunits},
}
@Manual{R-progress,
  title = {progress: Terminal Progress Bars},
  author = {Gábor Csárdi and Rich FitzJohn},
  year = {2016},
  note = {R package version 1.1.2},
  url = {https://CRAN.R-project.org/package=progress},
}
@Manual{R-purrr,
  title = {purrr: Functional Programming Tools},
  author = {Lionel Henry and Hadley Wickham},
  year = {2017},
  note = {R package version 0.2.4},
  url = {https://CRAN.R-project.org/package=purrr},
}
@Manual{R-R6,
  title = {R6: Classes with Reference Semantics},
  author = {Winston Chang},
  year = {2017},
  note = {R package version 2.2.2},
  url = {https://CRAN.R-project.org/package=R6},
}
@Manual{R-RColorBrewer,
  title = {RColorBrewer: ColorBrewer Palettes},
  author = {Erich Neuwirth},
  year = {2014},
  note = {R package version 1.1-2},
  url = {https://CRAN.R-project.org/package=RColorBrewer},
}
@Manual{R-Rcpp,
  title = {Rcpp: Seamless R and C++ Integration},
  author = {Dirk Eddelbuettel and Romain Francois and JJ Allaire and Kevin Ushey and Qiang Kou and Nathan Russell and Douglas Bates and John Chambers},
  year = {2018},
  note = {R package version 0.12.16},
  url = {https://CRAN.R-project.org/package=Rcpp},
}
@Manual{R-RcppArmadillo,
  title = {RcppArmadillo: 'Rcpp' Integration for the 'Armadillo' Templated Linear Algebra
Library},
  author = {Dirk Eddelbuettel and Romain Francois and Doug Bates and Binxiang Ni},
  year = {2018},
  note = {R package version 0.8.400.0.0},
  url = {https://CRAN.R-project.org/package=RcppArmadillo},
}
@Manual{R-RCurl,
  title = {RCurl: General Network (HTTP/FTP/...) Client Interface for R},
  author = {Duncan {Temple Lang} and the CRAN team},
  year = {2018},
  note = {R package version 1.95-4.10},
  url = {https://CRAN.R-project.org/package=RCurl},
}
@Manual{R-readr,
  title = {readr: Read Rectangular Text Data},
  author = {Hadley Wickham and Jim Hester and Romain Francois},
  year = {2017},
  note = {R package version 1.1.1},
  url = {https://CRAN.R-project.org/package=readr},
}
@Manual{R-reshape2,
  title = {reshape2: Flexibly Reshape Data: A Reboot of the Reshape Package},
  author = {Hadley Wickham},
  year = {2017},
  note = {R package version 1.4.3},
  url = {https://CRAN.R-project.org/package=reshape2},
}
@Manual{R-Rgraphviz,
  title = {Rgraphviz: Provides plotting capabilities for R graph objects},
  author = {Kasper Daniel Hansen and Jeff Gentry and Li Long and Robert Gentleman and Seth Falcon and Florian Hahne and Deepayan Sarkar},
  year = {2017},
  note = {R package version 2.22.0},
}
@Manual{R-RJSONIO,
  title = {RJSONIO: Serialize R objects to JSON, JavaScript Object Notation},
  author = {Duncan {Temple Lang}},
  year = {2014},
  note = {R package version 1.3-0},
  url = {https://CRAN.R-project.org/package=RJSONIO},
}
@Manual{R-rlang,
  title = {rlang: Functions for Base Types and Core R and 'Tidyverse' Features},
  author = {Lionel Henry and Hadley Wickham},
  year = {2018},
  note = {R package version 0.2.0},
  url = {https://CRAN.R-project.org/package=rlang},
}
@Manual{R-rmarkdown,
  title = {rmarkdown: Dynamic Documents for R},
  author = {JJ Allaire and Yihui Xie and Jonathan McPherson and Javier Luraschi and Kevin Ushey and Aron Atkins and Hadley Wickham and Joe Cheng and Winston Chang},
  year = {2018},
  note = {R package version 1.9},
  url = {https://CRAN.R-project.org/package=rmarkdown},
}
@Manual{R-rprojroot,
  title = {rprojroot: Finding Files in Project Subdirectories},
  author = {Kirill Müller},
  year = {2018},
  note = {R package version 1.3-2},
  url = {https://CRAN.R-project.org/package=rprojroot},
}
@Manual{R-rsconnect,
  title = {rsconnect: Deployment Interface for R Markdown Documents and Shiny
Applications},
  author = {JJ Allaire},
  year = {2018},
  note = {R package version 0.8.8},
  url = {https://CRAN.R-project.org/package=rsconnect},
}
@Manual{R-RSQLite,
  title = {RSQLite: 'SQLite' Interface for R},
  author = {Kirill Müller and Hadley Wickham and David A. James and Seth Falcon},
  year = {2017},
  note = {R package version 2.0},
  url = {https://CRAN.R-project.org/package=RSQLite},
}
@Manual{R-rstudioapi,
  title = {rstudioapi: Safely Access the RStudio API},
  author = {JJ Allaire and Hadley Wickham and Kevin Ushey and Gary Ritchie},
  year = {2017},
  note = {R package version 0.7},
  url = {https://CRAN.R-project.org/package=rstudioapi},
}
@Manual{R-rticles,
  title = {rticles: Article Formats for R Markdown},
  author = {JJ Allaire and {R Foundation} and Hadley Wickham and {Journal of Statistical Software} and Yihui Xie and Ramnath  Vaidyanathan and {Association for Computing Machinery} and Carl Boettiger and {Elsevier} and Karl Broman and Kirill Mueller and Bastiaan Quast and Randall  Pruim and Ben Marwick and Charlotte Wickham and Oliver Keyes and Miao Yu},
  year = {2017},
  note = {R package version 0.4.1},
  url = {https://CRAN.R-project.org/package=rticles},
}
@Manual{R-S4Vectors,
  title = {S4Vectors: S4 implementation of vector-like and list-like objects},
  author = {H. Pagès and M. Lawrence and P. Aboyoun},
  year = {2017},
  note = {R package version 0.16.0},
}
@Manual{R-scales,
  title = {scales: Scale Functions for Visualization},
  author = {Hadley Wickham},
  year = {2017},
  note = {R package version 0.5.0},
  url = {https://CRAN.R-project.org/package=scales},
}
@Manual{R-snow,
  title = {snow: Simple Network of Workstations},
  author = {Luke Tierney and A. J. Rossini and Na Li and H. Sevcikova},
  year = {2016},
  note = {R package version 0.4-2},
  url = {https://CRAN.R-project.org/package=snow},
}
@Manual{R-SPIA,
  title = {SPIA: Signaling Pathway Impact Analysis (SPIA) using combined evidence
of pathway over-representation and unusual signaling
perturbations},
  author = {Adi Laurentiu Tarca and Purvesh Kathri and Sorin Draghici},
  year = {2013},
  note = {R package version 2.30.0},
  url = {http://bioinformatics.oxfordjournals.org/cgi/reprint/btn577v1},
}
@Manual{R-SRAdb,
  title = {SRAdb: A compilation of metadata from NCBI SRA and tools},
  author = {Jack Zhu and Sean Davis},
  year = {2017},
  note = {R package version 1.40.0},
  url = {http://gbnci.abcc.ncifcrf.gov/sra/},
}
@Manual{R-stringi,
  title = {stringi: Character String Processing Facilities},
  author = {Marek Gagolewski and Bartek Tartanus and and other contributors; IBM and other contributors; Unicode and {Inc.}},
  year = {2018},
  note = {R package version 1.1.7},
  url = {https://CRAN.R-project.org/package=stringi},
}
@Manual{R-stringr,
  title = {stringr: Simple, Consistent Wrappers for Common String Operations},
  author = {Hadley Wickham},
  year = {2018},
  note = {R package version 1.3.0},
  url = {https://CRAN.R-project.org/package=stringr},
}
@Manual{R-SummarizedExperiment,
  title = {SummarizedExperiment: SummarizedExperiment container},
  author = {Martin Morgan and Valerie Obenchain and Jim Hester and Hervé Pagès},
  year = {2017},
  note = {R package version 1.8.1},
}
@Manual{R-tibble,
  title = {tibble: Simple Data Frames},
  author = {Kirill Müller and Hadley Wickham},
  year = {2018},
  note = {R package version 1.4.2},
  url = {https://CRAN.R-project.org/package=tibble},
}
@Manual{R-tidyr,
  title = {tidyr: Easily Tidy Data with 'spread()' and 'gather()' Functions},
  author = {Hadley Wickham and Lionel Henry},
  year = {2018},
  note = {R package version 0.8.0},
  url = {https://CRAN.R-project.org/package=tidyr},
}
@Manual{R-tidyselect,
  title = {tidyselect: Select from a Set of Strings},
  author = {Lionel Henry and Hadley Wickham},
  year = {2018},
  note = {R package version 0.2.4},
  url = {https://CRAN.R-project.org/package=tidyselect},
}
@Manual{R-tinytex,
  title = {tinytex: Helper Functions to Install and Maintain 'TeX Live', and Compile
'LaTeX' Documents},
  author = {Yihui Xie},
  year = {2018},
  note = {R package version 0.4},
  url = {https://CRAN.R-project.org/package=tinytex},
}
@Manual{R-utf8,
  title = {utf8: Unicode Text Processing},
  author = {Patrick O. Perry},
  year = {2018},
  note = {R package version 1.1.3},
  url = {https://CRAN.R-project.org/package=utf8},
}
@Manual{R-VennDiagram,
  title = {VennDiagram: Generate High-Resolution Venn and Euler Plots},
  author = {Hanbo Chen},
  year = {2018},
  note = {R package version 1.6.20},
  url = {https://CRAN.R-project.org/package=VennDiagram},
}
@Manual{R-viridis,
  title = {viridis: Default Color Maps from 'matplotlib'},
  author = {Simon Garnier},
  year = {2018},
  note = {R package version 0.5.0},
  url = {https://CRAN.R-project.org/package=viridis},
}
@Manual{R-viridisLite,
  title = {viridisLite: Default Color Maps from 'matplotlib' (Lite Version)},
  author = {Simon Garnier},
  year = {2018},
  note = {R package version 0.3.0},
  url = {https://CRAN.R-project.org/package=viridisLite},
}
@Manual{R-whisker,
  title = {whisker: {{mustache}} for R, logicless templating},
  author = {Edwin {de Jonge}},
  year = {2013},
  note = {R package version 0.3-2},
  url = {https://CRAN.R-project.org/package=whisker},
}
@Manual{R-withr,
  title = {withr: Run Code 'With' Temporarily Modified Global State},
  author = {Jim Hester and Kirill Müller and Kevin Ushey and Hadley Wickham and Winston Chang},
  year = {2018},
  note = {R package version 2.1.2},
  url = {https://CRAN.R-project.org/package=withr},
}
@Manual{R-xfun,
  title = {xfun: Miscellaneous Functions by 'Yihui Xie'},
  author = {Yihui Xie},
  year = {2018},
  note = {R package version 0.1},
  url = {https://CRAN.R-project.org/package=xfun},
}
@Manual{R-XML,
  title = {XML: Tools for Parsing and Generating XML Within R and S-Plus},
  author = {Duncan {Temple Lang} and the CRAN Team},
  year = {2018},
  note = {R package version 3.98-1.10},
  url = {https://CRAN.R-project.org/package=XML},
}
@Manual{R-xml2,
  title = {xml2: Parse XML},
  author = {Hadley Wickham and James Hester and Jeroen Ooms},
  year = {2018},
  note = {R package version 1.2.0},
  url = {https://CRAN.R-project.org/package=xml2},
}
@Manual{R-xtable,
  title = {xtable: Export Tables to LaTeX or HTML},
  author = {David B. Dahl},
  year = {2016},
  note = {R package version 1.8-2},
  url = {https://CRAN.R-project.org/package=xtable},
}
@Manual{R-XVector,
  title = {XVector: Representation and manipulation of external sequences},
  author = {Hervé Pagès and Patrick Aboyoun},
  year = {2017},
  note = {R package version 0.18.0},
}
@Manual{R-yaml,
  title = {yaml: Methods to Convert R Data to YAML and Back},
  author = {Jeremy Stephens},
  year = {2018},
  note = {R package version 2.1.18},
  url = {https://CRAN.R-project.org/package=yaml},
}
@Manual{R-zlibbioc,
  title = {zlibbioc: An R packaged zlib-1.2.5},
  author = {Martin Morgan},
  year = {2017},
  note = {R package version 1.24.0},
  url = {http://bioconductor.org/packages/release/bioc/html/Zlibbioc.html},
}
